<record><leader>00000cas a2200000 a 4500</leader><controlfield tag="001">12815078</controlfield><controlfield tag="008">851118d18811883ksuwr ne      0    0eng d</controlfield><datafield ind1=" " ind2=" " tag="010"><subfield code="a">sn 85066303 </subfield></datafield><datafield ind1=" " ind2=" " tag="040"><subfield code="a">KSH</subfield><subfield code="b">eng</subfield><subfield code="c">KSH</subfield><subfield code="d">NPT</subfield><subfield code="d">OCL</subfield><subfield code="d">OCLCQ</subfield></datafield><datafield ind1=" " ind2=" " tag="042"><subfield code="a">msc</subfield></datafield><datafield ind1="0" ind2=" " tag="130"><subfield code="a">Greenleaf journal (Greenleaf, Kan. : 1881)</subfield></datafield><datafield ind1="1" ind2="4" tag="245"><subfield code="a">The Greenleaf journal.</subfield></datafield><datafield ind1=" " ind2=" " tag="260"><subfield code="a">Greenleaf, Kan. :</subfield><subfield code="b">Will H. Besack,</subfield><subfield code="c">1881-1883.</subfield></datafield><datafield ind1=" " ind2=" " tag="300"><subfield code="a">3 v. ;</subfield><subfield code="c">63 cm.</subfield></datafield><datafield ind1=" " ind2=" " tag="310"><subfield code="a">Weekly</subfield></datafield><datafield ind1="0" ind2=" " tag="362"><subfield code="a">Vol. 1, no. 1 (Jan. 15, 1881)-v. 3, no. 33 (Aug. 17, 1883).</subfield></datafield><datafield ind1=" " ind2=" " tag="500"><subfield code="a">Publisher varies.</subfield></datafield><datafield ind1=" " ind2=" " tag="525"><subfield code="a">Supplements included.</subfield></datafield><datafield ind1=" " ind2=" " tag="752"><subfield code="a">United States</subfield><subfield code="b">Kansas</subfield><subfield code="c">Washington</subfield><subfield code="d">Greenleaf.</subfield></datafield><datafield ind1="0" ind2="7" tag="785"><subfield code="t">Greenleaf independent</subfield><subfield code="w">(DLC)sn 85066302</subfield></datafield><datafield ind1="0" ind2="7" tag="785"><subfield code="t">Independent-journal (Greenleaf, Kan.)</subfield><subfield code="w">(DLC)sn 85066304</subfield></datafield><datafield ind1="1" ind2=" " tag="029"><subfield code="a">AU@</subfield><subfield code="b">000022168978</subfield></datafield></record>